% This file was created with JabRef 2.8.1.
% Encoding: UTF8

@MISC{oreilly,
  author = {O'Reilly},
  howpublished = {Website},
  timestamp = {2013.07.17},
  year = {2003},
  url = {http://www.oreilly.de/artikel/routemap.pdf}
}

@MISC{dvbag,
  author = {DVB-AG},
  howpublished = {Website},
  timestamp = {2013.07.17},
  year = {2011},
  url = {http://www.dvb.de/de/Die-DVB-AG/Zahlen-Daten/}
}

@PHDTHESIS{kanjilearningjapanese10,
  author = {Heath Rose},
  title = {Kanji learning of Japanese language learners on a year-long study
	exchange program at a Japanese university: 
	
	An investigation of strategy use, motivation control and self-regulation.},
  school = {University of Sydney},
  year = {2010},
  file = {:/home/copycat/Documents/uni/Semester10/infovis/ü/inspire/kanjilearningjapanese10.pdf:PDF},
  timestamp = {2013.07.10}
}

@ARTICLE{automaticmetromap11,
  author = {Stott, Jonathan and Rodgers, Peter and Martinez-Ovando, Juan Carlos
	and Walker, Stephen G},
  title = {Automatic metro map layout using multicriteria optimization},
  journal = {Visualization and Computer Graphics, IEEE Transactions on},
  year = {2011},
  volume = {17},
  pages = {101--114},
  number = {1},
  file = {:/home/copycat/Documents/uni/Semester10/infovis/ü/inspire/automaticmetromap11.pdf:PDF},
  publisher = {IEEE},
  timestamp = {2013.07.10}
}

@PHDTHESIS{automaticlayoutmetro08,
  author = {Jonathan M. Stott},
  title = {Automatic Layout of Metro Maps using Multicriteria Optimisation},
  school = {University of Kent},
  year = {2008},
  month = {October},
  file = {:/home/copycat/Documents/uni/Semester10/infovis/ü/inspire/automaticlayoutmetro08.pdf:PDF},
  timestamp = {2013.07.10}
}

@INPROCEEDINGS{measuringandpredicting08,
  author = {Yencken, Lars and Baldwin, Timothy},
  title = {Measuring and predicting orthographic associations: Modelling the
	similarity of Japanese kanji},
  booktitle = {Proceedings of the 22nd International Conference on Computational
	Linguistics-Volume 1},
  year = {2008},
  pages = {1041--1048},
  organization = {Association for Computational Linguistics},
  timestamp = {2013.07.10}
}

@INPROCEEDINGS{eyeshaveit96,
  author = {Shneiderman, Ben},
  title = {The eyes have it: A task by data type taxonomy for information visualizations},
  booktitle = {Visual Languages, 1996. Proceedings., IEEE Symposium on},
  year = {1996},
  pages = {336--343},
  organization = {IEEE},
  __markedentry = {[:3]},
  file = {eyeshaveit96.pdf:lit/eyeshaveit96.pdf:PDF},
  timestamp = {2013.07.03}
}

@comment{jabref-meta: selector_review:}

@comment{jabref-meta: selector_publisher:}

@comment{jabref-meta: selector_author:}

@comment{jabref-meta: selector_journal:}

@comment{jabref-meta: selector_keywords:}

